@online{essence-of-linear-algebra,
	author = {Grant~Sanderson~(3blue1brown)},
	title = {Essence of Linear Algebra},
	date = {2016-08-06},
	url = {https://www.youtube.com/playlist?list=PLZHQObOWTQDPD3MizzM2xVFitgF8hE_ab},
	OPTlanguage = {English}
}
