% lintrans - The linear transformation visualizer
% Copyright (C) 2021-2022 D. Dyson (DoctorDalek1963)

% This program is licensed under GNU GPLv3, available here:
% <https://www.gnu.org/licenses/gpl-3.0.html>

@online{github-actions-docs,
	title = {GitHub Actions Documentation},
	url = {https://docs.github.com/en/actions},
	organization = {GitHub, Inc.},
	OPTlanguage = {English},
}

@online{msdocs-versioninfo-resource,
	title = {\texttt{VERSIONINFO} Resource},
	url = {https://learn.microsoft.com/en-gb/windows/win32/menurc/versioninfo-resource},
	organization = {Microsoft},
	OPTlanguage = {English},
}

@online{msdocs-version-information-structures,
	title = {Version Information Structures},
	url = {https://learn.microsoft.com/en-gb/windows/win32/menurc/version-information-structures},
	organization = {Microsoft},
	OPTlanguage = {English},
}

@online{nuitka-docs,
	title = {Nutika User Manual},
	url = {https://nuitka.net/doc/user-manual.html},
	OPTlanguage = {English},
}

@online{numpy-docs-linalg-eig,
	title = {NumPy \texttt{eig()} function},
	url = {https://numpy.org/doc/1.23/reference/generated/numpy.linalg.eig.html},
	version = {1.23},
	organization = {NumPy Developers},
	OPTlanguage = {English},
}

@online{pyinstaller-4.10-docs,
	title = {PyInstaller Manual},
	url = {https://pyinstaller.org/en/v4.10/},
	version = {4.10},
	OPTlanguage = {English},
}

@online{pyintaller-4.10-capturing-windows-version-data,
	title = {PyInstaller Manual},
	subtitle = {Capturing Windows Version Data},
	url = {https://pyinstaller.org/en/v4.10/usage.html#capturing-windows-version-data},
	version = {4.10},
	OPTlanguage = {English},
}

@online{pylint-2.12.2-graph-docs,
	title = {Pylint features (import graphs)},
	url = {https://pylint.readthedocs.io/en/v2.12.2/technical_reference/features.html?highlight=graph#imports-checker-options},
	version = {2.12.2},
	organization = {PyCQA},
	OPTlanguage = {English},
}

@online{python-3-10-downloads-page,
	title = {Python 3.10 Downloads},
	url = {https://www.python.org/downloads/release/python-3100/},
	version = {3.10},
	organization = {Python Software Foundation},
	OPTlanguage = {English},
}

@online{python-3-special-methods,
	title = {Python 3 Data model - special methods},
	url = {https://docs.python.org/3/reference/datamodel.html#special-method-names},
	organization = {Python Software Foundation},
	OPTlanguage = {English},
}

@online{pyqt5-graphics-view-framework,
	title = {PyQt5 Graphics View Framework},
	url = {https://doc.qt.io/qtforpython-5/overviews/graphicsview.html},
	organization = {The Qt Company},
	OPTlanguage = {English},
}

@online{qt5-docs-event-system,
	title = {The Event System},
	url = {https://doc.qt.io/qt-5/eventsandfilters.html},
	organization = {The Qt Company},
	OPTlanguage = {English},
}

@online{qt5-docs-qvalidator,
	title = {QValidator class},
	url = {https://doc.qt.io/qt-5/qvalidator.html},
	organization = {The Qt Company},
	OPTlanguage = {English},
}

@online{qt5-docs-qwheelevent,
	title = {QWheelEvent class},
	url = {https://doc.qt.io/qt-5/qwheelevent.html},
	organization = {The Qt Company},
	OPTlanguage = {English},
}

@online{qt5-docs-qwidget-mousemoveevent,
	title = {QWidget Class (\texttt{mouseMoveEvent()} method},
	url = {https://doc.qt.io/qt-5/qwidget.html#mouseMoveEvent},
	organization = {The Qt Company},
	OPTlanguage = {English},
}

@online{qt5-docs-qwidget-repaint,
	title = {QWidget Class (\texttt{repaint()} method)},
	url = {https://doc.qt.io/qt-5/qwidget.html#repaint},
	organization = {The Qt Company},
	OPTlanguage = {English},
}

@online{qt5-docs-qwidget-update,
	title = {QWidget Class (\texttt{update()} method)},
	url = {https://doc.qt.io/qt-5/qwidget.html#update},
	organization = {The Qt Company},
	OPTlanguage = {English},
}

@online{qt5-linux-build-dependencies,
	title = {Qt5 for Linux/X11},
	url = {https://doc.qt.io/qt-5/linux.html},
	organization = {The Qt Company},
	OPTlanguage = {English},
}

@online{sphinx,
	title = {Sphinx},
	subtitle = {Python Documentation Generator},
	url = {https://www.sphinx-doc.org/en/master/},
	organization = {The Sphinx developers},
	OPTlanguage = {English},
}

@online{sphobjinv-2.2-docs,
	title = {\texttt{sphobjinv} documentation},
	url = {https://sphobjinv.readthedocs.io/en/v2.2/},
	version = {2.2},
	author = {Brian Skinn},
	OPTlanguage = {English},
}
