% lintrans - The linear transformation visualizer
% Copyright (C) 2021-2022 D. Dyson (DoctorDalek1963)

% This program is licensed under GNU GPLv3, available here:
% <https://www.gnu.org/licenses/gpl-3.0.html>

@online{color-oracle-dorkbox-fork,
	author = {Alan O'Callaghan (Alanocallaghan)},
	title = {color-oracle-java},
	url = {https://github.com/Alanocallaghan/color-oracle-java},
	version = {1.3},
	OPTlanguage = {English}
}

@online{colororacle.org,
	author = {Nathaniel~Vaughn~Kelso and Bernie~Jenny},
	title = {Color Oracle},
	url = {https://colororacle.org/},
	version = {1.3},
	OPTlanguage = {English}
}

@online{csharphelper-arrowheads,
	author = {Rod Stephens},
	title = {Draw lines with arrowheads in C\#},
	date = {2014-12-05},
	url = {http://csharphelper.com/blog/2014/12/draw-lines-with-arrowheads-in-c/},
	OPTlanguage = {English}
}

@online{gitlab-custom-widgets,
	author = {Ross Wilson (rzzzwilson)},
	title = {Python-Etudes/PyQtCustomWidget},
	url = {https://gitlab.com/rzzzwilson/python-etudes/-/tree/master/PyQtCustomWidget},
	OPTlanguage = {English}
}

@online{matplotlib-pyqt5-tutorial,
	title = {Plotting with Matplotlib},
	url = {https://www.pythonguis.com/tutorials/plotting-matplotlib/},
	subtitle = {Create PyQt5 plots with the popular Python plotting library},
	OPTlanguage = {English}
}

@online{researchgate-normalize-determinant,
	title = {Normalize a matrix such that the determinat = 1},
	date = {2017-06-26},
	url = {https://www.researchgate.net/post/normalize_a_matrix_such_that_the_determinat_1},
	organization = {ResearchGate},
	OPTlanguage = {English}
}

@online{so-update-window-in-pyqt5,
	author = {Jacek~Wodecki and ekhumoro},
	title = {How to update window in PyQt5?},
	url = {https://stackoverflow.com/questions/42045676/how-to-update-window-in-pyqt5},
	OPTlanguage = {English}
}

@online{types-of-color-blindness,
	title = {Types of Color Blindness},
	url = {https://www.nei.nih.gov/learn-about-eye-health/eye-conditions-and-diseases/color-blindness/types-color-blindness},
	organization = {National Eye Institute},
	OPTlanguage = {English}
}
