% lintrans - The linear transformation visualizer
% Copyright (C) 2021-2022 D. Dyson (DoctorDalek1963)

% This program is licensed under GNU GPLv3, available here:
% <https://www.gnu.org/licenses/gpl-3.0.html>

@online{lintrans-github,
	author = {Dyson Dyson (DoctorDalek1963)},
	title = {lintrans},
	url = {https://github.com/DoctorDalek1963/lintrans},
	OPTlanguage = {English},
}

@online{reddit-framework-question,
	author = {Dyson Dyson (DoctorDalek1963)},
	title = {Which framework should I use for creating draggable points and connecting lines on a 2D grid?},
	date = {2022-01-26},
	url = {https://www.reddit.com/r/learnpython/comments/sd2lbr},
	OPTlanguage = {English},
}
